@inproceedings{puerta2005ui,
  title={The UI pilot: a model-based tool to guide early interface design},
  author={Puerta, Angel and Micheletti, Michael and Mak, Alan},
  booktitle={Proceedings of the 10th international conference on Intelligent user interfaces},
  pages={215--222},
  year={2005},
  organization={ACM}
}

@inproceedings{sangiorgi2010estendendo,
  title={Estendendo a linguagem MoLIC para o projeto conjunto de intera{\c{c}}{\~a}o e interface},
  author={Sangiorgi, Ugo Braga and Barbosa, Simone Diniz Junqueira},
  booktitle={Proceedings of the IX Symposium on Human Factors in Computing Systems},
  pages={61--70},
  year={2010},
  organization={Brazilian Computer Society}
}

@inproceedings{sangiorgi2009molic,
  title={MoLIC designer: towards computational support to hci design with MoLIC},
  author={Sangiorgi, Ugo Braga and Barbosa, Simone DJ},
  booktitle={Proceedings of the 1st ACM SIGCHI symposium on Engineering interactive computing systems},
  pages={303--308},
  year={2009},
  organization={ACM}
}

@book{bischofberger2011prototyping,
  title={Prototyping-oriented software development: Concepts and tools},
  author={Bischofberger, Walter R and Pomberger, Gustav},
  year={2011},
  publisher={Springer Publishing Company, Incorporated}
}

@book{jacko2012human,
  title={Human Computer Interaction Handbook: Fundamentals, Evolving Technologies, and Emerging Applications},
  author={Jacko, Julie A},
  year={2012},
  publisher={CRC press}
}

@inproceedings{ferreira2012agile,
  title={Agile development and user experience design integration as an ongoing achievement in practice},
  author={Ferreira, Jennifer and Sharp, Helen and Robinson, Hugh},
  booktitle={Agile Conference (AGILE), 2012},
  pages={11--20},
  year={2012},
  organization={IEEE}
}

@article{nilsson2009design,
  title={Design patterns for user interface for mobile applications},
  author={Nilsson, Erik G},
  journal={Advances in Engineering Software},
  volume={40},
  number={12},
  pages={1318--1328},
  year={2009},
  publisher={Elsevier}
}

@book{neil2014mobile,
  title={Mobile Design Pattern Gallery: UI Patterns for Smartphone Apps},
  author={Neil, Theresa},
  year={2014},
  publisher={" O'Reilly Media, Inc."}
}



